@book
{
    AM69,
    AUTHOR = {Atiyah, M. F. and Macdonald, I. G.},
     TITLE = {Introduction to commutative algebra},
 PUBLISHER = {Addison-Wesley Publishing Co., Reading, Mass.-London-Don
              Mills, Ont.},
      YEAR = {1969},
     PAGES = {ix+128},
   MRCLASS = {13.00},
  MRNUMBER = {0242802 (39 \#4129)},
MRREVIEWER = {J. A. Johnson},
}

@article{C01,
    AUTHOR = {Christophe Vandeschrick},
     TITLE = {The Lexis diagram, a misnomer },
     JOURNAL = "Demographic Research",
 KEYWORDS = {Max Planck Institute for Demographic Research},
      YEAR = {2001},
      VOLUME = "4",
      pages={97-124},
      publisher={JSTOR},
      adsurl = {https://www.demographic-research.org/volumes/vol4/3/4-3.pdf},
   %MRCLASS = {},
  %MRNUMBER = {},
%MRREVIEWER = {J},
}


@article{Wal17,
  title={Methods protocol for the human mortality database},
  author={Wilmoth, John R and Andreev, Kirill and Jdanov, Dmitri and Glei, Dana A and Boe, C and Bubenheim, M and Philipov, D and Shkolnikov, V and Vachon, P},
  journal={University of California, Berkeley, and Max Planck Institute for Demographic Research, Rostock. \\
  URL: https://www.mortality.org/Public/Docs/MethodsProtocol.pdf [version 31/05/2007]},
  volume={9},
  pages={10-11},
  year={2007}
}

@article{VA85,
    AUTHOR = {Vaupel, James W.  and Anatoli I. Yashin},
     TITLE = {Heterogeneity's Ruses: Some Surprising Effects of Selection on Population Dynamics},
     JOURNAL = {The American Statistician} ,
      YEAR = {1985},
      publisher={Taylor \& Francis},
      VOLUME = "39",
       PAGES = {176-185},
       adsurl = {http://www.jstor.org/stable/2683925},
   %MRCLASS = {},
  %MRNUMBER = {},
%MRREVIEWER = {J},
}


@book {AOH08,
    AUTHOR = {Aalen, Odd O. and Borgan, \O rnulf and Gjessing, H\aa kon K.},
     TITLE = {Survival and Event History Analysis. A Process Point of View},
    SERIES = {Statistics for Biology and Health},
 PUBLISHER = {Springer, New York},
      YEAR = {2008},
      ISBN = {978-0-387-20287-7},
   MRCLASS = {62-01 (60G55 62N01 62N05)},
  MRNUMBER = {2449233},
MRREVIEWER = {Bruno Betr\`o},
       DOI = {10.1007/978-0-387-68560-1},
       URL = {https://doi.org/10.1007/978-0-387-68560-1},
}



@article{A13,
    AUTHOR = {Andersen,P.K},
     TITLE = {Decomposition of Number of Life years lost according to causes of death},
      journal={Statistics in Medicine},
  volume={32},
  pages={5278-5285},
  year={2013},
  publisher={Wiley Online Library},
       adsurl = {https://onlinelibrary.wiley.com/doi/full/10.1002/sim.5903},

}



@article{C06,
    AUTHOR = {Carstensen,B},
     TITLE = {Age–period–cohort models for the Lexis diagram},
     JOURNAL = {Statistics in Medecine},
      VOLUME = "26",
      pages={3018-3045},
      year={2007},
      publisher={Wiley Online Library},
      adsurl = {https://onlinelibrary.wiley.com/doi/epdf/10.1002/sim.2764},
}





@article{BK19,
    AUTHOR = {Borgan, \O rnulf and Keilman, Nico},
     TITLE = {Do Japanese and Italian Women Live Longer than Women in Scandinavia?},
     JOURNAL = "European Journal of Population ",
      YEAR = {2019},
      VOLUME = "35",
      PAGES = {87-99},
       adsurl = {https://www.ncbi.nlm.nih.gov/pmc/articles/PMC6357253/},
   %MRCLASS = {},
  %MRNUMBER = {},
%MRREVIEWER = {J},
}




@article{S19,
    AUTHOR = {Sønstebø, Anders },
     TITLE = {Andelen som dør, har aldri vært mindre},
     JOURNAL = "Statistikk sentralbyrå, \\ URL:www.ssb.no/befolkning/artikler-og-publikasjoner/andelen-som-dor-har-aldri-vaert-mindre",
      YEAR = {2019},
     URL = {https://www.ssb.no/befolkning/artikler-og-publikasjoner/andelen-som-dor-har-aldri-vaert-mindre},
   %MRCLASS = {},
  %MRNUMBER = {},
%MRREVIEWER = {J},
}

@book{B90,
    AUTHOR = {Borgan, \O rnulf },
     TITLE = {Lectures Notes in Life History Analysis},
      PUBLISHER = {Institute of Mathematics University of Oslo},
       SERIES = {Statistical Memoire},
      YEAR = {1990},
      VOLUME = "01/90",

}

@article{VM04,
    AUTHOR = {Vallin, Jacques and Meslé, France  },
     TITLE = {Convergences and divergences in mortality: A new approach of health transition},
     JOURNAL = "Demographic Research", 
      YEAR = {2004},
      volume={2},
      pages={11--44},
     URL = {https://www.demographic-research.org/special/2/2/},
     urldate={2019/10/17}
   %MRCLASS = {},
  %MRNUMBER = {},
%MRREVIEWER = {J},
}


@article{CBLA03,
    AUTHOR = {Clark, T G and Bradburn, M J and Love, S B  and Altman,  D G  },
     TITLE = {Survival Analysis Part I: Basic concepts and first analyses},
     JOURNAL = "British Journal of Cancer",
      publisher={Nature Publishing Group},
      YEAR = {2003},
      VOLUME = "89",
      PAGES = {232–238},
      url ={https://www.nature.com/articles/6601118},

}














